<record><leader>00000cas a22000007a 4500</leader><controlfield tag="001">23606014</controlfield><controlfield tag="008">910425d19511953mnuwr ne      0    0eng d</controlfield><datafield ind1=" " ind2=" " tag="010"><subfield code="a">sn 90060193 </subfield></datafield><datafield ind1=" " ind2=" " tag="040"><subfield code="a">MN#</subfield><subfield code="b">eng</subfield><subfield code="c">MN#</subfield><subfield code="d">OCLCQ</subfield><subfield code="d">OCLCF</subfield><subfield code="d">OCLCO</subfield></datafield><datafield ind1=" " ind2=" " tag="042"><subfield code="a">msc</subfield></datafield><datafield ind1=" " ind2=" " tag="043"><subfield code="a">n-us-mn</subfield></datafield><datafield ind1=" " ind2=" " tag="052"><subfield code="a">4144</subfield><subfield code="b">E3</subfield><subfield code="b">M77</subfield><subfield code="b">S3</subfield><subfield code="b">R5</subfield><subfield code="b">M5:2S5</subfield></datafield><datafield ind1=" " ind2=" " tag="052"><subfield code="a">4143</subfield><subfield code="b">H4</subfield></datafield><datafield ind1="0" ind2=" " tag="130"><subfield code="a">Minneapolis news (Minneapolis, Minn. : Southwest ed.)</subfield></datafield><datafield ind1="1" ind2="4" tag="245"><subfield code="a">The Minneapolis news.</subfield></datafield><datafield ind1="3" ind2="0" tag="246"><subfield code="a">South suburban news</subfield></datafield><datafield ind1=" " ind2=" " tag="250"><subfield code="a">Southwest ed.</subfield></datafield><datafield ind1=" " ind2=" " tag="260"><subfield code="a">Minneapolis, Minn. :</subfield><subfield code="b">Minneapolis Shopping News Co.</subfield></datafield><datafield ind1=" " ind2=" " tag="300"><subfield code="a">v.</subfield></datafield><datafield ind1=" " ind2=" " tag="310"><subfield code="a">Weekly</subfield></datafield><datafield ind1="1" ind2=" " tag="362"><subfield code="a">Began in 1951; ceased in 1953?</subfield></datafield><datafield ind1=" " ind2=" " tag="500"><subfield code="a">Called also: South suburban news, &lt;Aug. 29, 1952&gt;.</subfield></datafield><datafield ind1=" " ind2=" " tag="500"><subfield code="a">"Serving Edina, Morningside, St. Louis Park and Richfield.</subfield></datafield><datafield ind1=" " ind2=" " tag="530"><subfield code="a">Available on microfilm from the Minnesota Historical Society.</subfield></datafield><datafield ind1=" " ind2=" " tag="588"><subfield code="a">Description based on: 25th year, no. 32 (June 8, 1951).</subfield></datafield><datafield ind1=" " ind2="0" tag="650"><subfield code="a">Shopping</subfield><subfield code="z">Minnesota</subfield><subfield code="z">Minneapolis</subfield><subfield code="v">Periodicals.</subfield></datafield><datafield ind1=" " ind2="7" tag="655"><subfield code="a">Periodicals.</subfield><subfield code="2">fast</subfield><subfield code="0">(OCoLC)fst01411641</subfield></datafield><datafield ind1=" " ind2="7" tag="650"><subfield code="a">Shopping.</subfield><subfield code="2">fast</subfield><subfield code="0">(OCoLC)fst01116884</subfield></datafield><datafield ind1=" " ind2="7" tag="651"><subfield code="a">Minnesota</subfield><subfield code="z">Minneapolis.</subfield><subfield code="2">fast</subfield><subfield code="0">(OCoLC)fst01204260</subfield></datafield><datafield ind1="0" ind2="1" tag="780"><subfield code="t">Minneapolis news (Minneapolis, Minn. : 1946)</subfield><subfield code="w">(DLC)sn 90060191</subfield></datafield></record>